<record><leader>00000cas a2200000 a 4500</leader><controlfield tag="001">13115287</controlfield><controlfield tag="008">860206d18811904iauwr ne      0    0eng d</controlfield><datafield ind1=" " ind2=" " tag="010"><subfield code="a">sn 86063102 </subfield></datafield><datafield ind1=" " ind2=" " tag="040"><subfield code="a">KSH</subfield><subfield code="b">eng</subfield><subfield code="c">KSH</subfield><subfield code="d">NPT</subfield><subfield code="d">INP</subfield><subfield code="d">OCL</subfield><subfield code="d">OCLCQ</subfield></datafield><datafield ind1=" " ind2=" " tag="042"><subfield code="a">msc</subfield></datafield><datafield ind1="0" ind2="0" tag="245"><subfield code="a">Ottumwa weekly democrat.</subfield></datafield><datafield ind1=" " ind2=" " tag="250"><subfield code="a">Weekly ed.</subfield></datafield><datafield ind1=" " ind2=" " tag="260"><subfield code="a">Ottumwa, Iowa :</subfield><subfield code="b">Ottumwa Print. Co.</subfield></datafield><datafield ind1=" " ind2=" " tag="300"><subfield code="a">v. :</subfield><subfield code="b">ill. ;</subfield><subfield code="c">71 cm.</subfield></datafield><datafield ind1=" " ind2=" " tag="310"><subfield code="a">Weekly</subfield></datafield><datafield ind1="1" ind2=" " tag="362"><subfield code="a">Began in 1881; ceased in 1904.</subfield><subfield code="z">Cf. Bibl. of Iowa newspapers.</subfield></datafield><datafield ind1=" " ind2=" " tag="588"><subfield code="a">Description based on: Vol. 31, no. 18 (Dec. 15, 1881).</subfield></datafield><datafield ind1=" " ind2=" " tag="752"><subfield code="a">United States</subfield><subfield code="b">Iowa</subfield><subfield code="c">Wapello</subfield><subfield code="d">Ottumwa.</subfield></datafield><datafield ind1="0" ind2=" " tag="775"><subfield code="t">Ottumwa daily Democrat</subfield><subfield code="w">(DLC)sn 86061056</subfield><subfield code="g">&lt;1881-Mar. 1903&gt;</subfield></datafield><datafield ind1="0" ind2=" " tag="775"><subfield code="t">Morning Democrat (Ottumwa, Iowa)</subfield><subfield code="w">(DLC)sn 86061057</subfield><subfield code="g">&lt;Mar. 18&gt;-Sept. 22, 1903</subfield></datafield><datafield ind1="0" ind2=" " tag="775"><subfield code="t">Evening Democrat (Ottumwa, Iowa)</subfield><subfield code="w">(DLC)sn 86061058</subfield><subfield code="g">Sept. 23, 1903-Dec. 24, 1904</subfield></datafield><datafield ind1="0" ind2="0" tag="780"><subfield code="t">Democrat and times</subfield><subfield code="w">(DLC)sn 86061211</subfield></datafield><datafield ind1="0" ind2="5" tag="780"><subfield code="t">Weekly sun (Ottumwa, Iowa)</subfield><subfield code="w">(DLC)sn 85049786</subfield></datafield><datafield ind1="1" ind2=" " tag="029"><subfield code="a">AU@</subfield><subfield code="b">000020432587</subfield></datafield></record>